@book{chao2013reviews,
	Author = {Chao, Alexander W and Chou, Weiren},
	Publisher = {World Scientific},
	Title = {Reviews of Accelerator Science and Technology: Applications os superconducting technology to accelerators. Vol. 5},
	Volume = {5},
	Year = {2013}}

@Misc{MADX,
    title = {{MADX} },
    institution = {CERN},
	author = {Laurent Deniau; Hans Grote; Ghislain Roy; Frank Schmidt; Iselin F.C.; Herr W. and many other contributers},
	institution = {CERN Accelerator School, CAS},
	title = {Couplers for cavities},
    howpublished = "\url{http://mad.web.cern.ch/mad/}"}
  
  
  @Misc{GEODE,
	institution = {CERN},
	title = {{GEODE} data base},
    howpublished = "\url{https://apex.cern.ch/pls/htmldb_accdb/f?p=341}",
  year = {2008} }
 
  
  @Misc{NORMA,
	institution = {CERN},
	title = {{NORMA} magnet data base},
    howpublished = "\url{https://norma.web.cern.ch/norma/database.html}" }
 
@phdthesis{Gerigk:1997,
      author        = "Gerigk, P.",
      title         = "Design of Higher-order Mode Dampers for the 400 MHz Superconducting LHC Cavities",
      school        = "Technische Universitat, Berlin",
      month         = "",
      year          = "1997",
      note          = "",
}  

@manual{Bourns,
    organization  = "Bourns",
    title         = "E5092A Configurable Multiport Test Set",
    number        = "5989-5479EN",
    year          =  2017,
    month         =  11,    
    note          = "Rev. 11/15"
}

@manual{Keysight,
    organization  = "Keysight",
    title         = "Round Trimpot Trimming Potentiometer",
    number        = "339 - 5/16",
    year          =  2003,
    month         =  7,    
    note          = ""
}
@thesis{Gilardi:2017,
      author        = "Gilardi, A.",
      title         = "A new proposal for damping the resonances in CERN accelerators, using HOM couplers",
      school        = "University of Naples Federico II",
      month         = "",
      year          = "2017",
      note          = "",
}  

@phdthesis{Alistair:2013,
      author        = "Day, H.A.",
      title         = "Measurements and Simulations of Impedance Reduction Techniques in Particle Accelerators",
      school        = "The University of Manchester",
      month         = "",
      year          = "",
      note          = "",
} 

@article{Podobedov:2006,
	Author = {Podobedov, B. and Krinsky, S.},
	Journal = {Physical Review Special Topics - Accelerators and beams},
	volume = {9},
	Title = {Transverse impedance of axially symmetric tapered structures},
	Year = {2006}}
    
@techreport{Caspers:1999,
	Author = {Caspers, F. and Dôme, G. and González, C. and Jensen, E. and Keil, E. and Morvillo, M. and Ruggiero, F. and Schröder, G. and Zotter, B.W. wand Dyachkov, M.},
	institution = {LHC Project},
	Title = {{RF} screening by thin resistive layers},
	Year = {1999}}    
 
 @techreport{Kroyer:2007,
	author = {Kroyer, T. and Caspers, F. and Gaxiola, E.},
	institution = {CERN AB Department},
	title = {Longitudinal and Transverse Wire Measurements for the Evaluation of Impedance Reduction Measures on the MKE Extraction Kicker},
	Year = {2007}}
    
    
@inproceedings{Papke:2013,
	Author = {Papke, K. and Gerigk, F. and Van Rienen, U.},
	booktitle = {Proc. of SRF 2013},
	Title = {{HOM} COUPLERS FOR {CERN} {SPL} CAVITIES},
	Year = {2013},
    pages ={1066--1068}
} 

@techreport{Rusnak:2006,
	Author = {Rusnak, B},
	title = {{RF} Power and {HOM} Coupler Tutorial},
    institution   = "Lawrence Livermore National Laboratory",
      address       = "Livermore",
      number        = "CA 94550",
      year          = "2006",
}